<?xml version="1.0" encoding="UTF-8"?><collection xmlns="http://www.loc.gov/MARC21/slim"><record><leader>00379nam--2200121-i-4500</leader><controlfield tag="001">000007357</controlfield><controlfield tag="002">20161230</controlfield><controlfield tag="005">20161230201027</controlfield><controlfield tag="008">060222s1000------------r-----000-0-eng-d</controlfield><datafield ind1=" " ind2=" " tag="100"><subfield code="a">Ballhausen, C.J.And Gray, Harry B</subfield></datafield><datafield ind1=" " ind2=" " tag="245"><subfield code="a">Molecular orbital theory. an introductory lecture note and reprint volume</subfield></datafield><datafield ind1=" " ind2=" " tag="260"><subfield code="a">New York, W.A.Benjamin, Inc., 1964</subfield></datafield><datafield ind1=" " ind2=" " tag="490"><subfield code="a">Frontiers In Chemistry</subfield></datafield></record></collection>